<collection xmlns="http://www.loc.gov/MARC21/slim">
<record>
  <leader>02099nam0a22004091i 450 </leader>
  <controlfield tag="001">IT\ICCU\CNCE\023833</controlfield>
  <controlfield tag="005">20110729000000.0</controlfield>
  <datafield tag="012" ind1=" " ind2=" ">
    <subfield code="a">e,id m.a- t,de sife (3) 1543 (R)</subfield>
    <subfield code="2">fei</subfield>
  </datafield>
  <datafield tag="100" ind1=" " ind2=" ">
    <subfield code="a">19970717d1543        0itac0103    ba</subfield>
  </datafield>
  <datafield tag="101" ind1=" " ind2=" ">
    <subfield code="a">LAT</subfield>
  </datafield>
  <datafield tag="102" ind1=" " ind2=" ">
    <subfield code="a">IT</subfield>
  </datafield>
  <datafield tag="200" ind1="1" ind2=" ">
    <subfield code="a">De sacris concionibus recte formandis, deque ratione theologiae discendae, compendiaria formula. Alphonso Zorrilla ... authore</subfield>
  </datafield>
  <datafield tag="210" ind1=" " ind2=" ">
    <subfield code="a">Romae</subfield>
    <subfield code="c">in vico Peregrini apud Balthasarem de Cartulariis Perusinum</subfield>
    <subfield code="d">1543</subfield>
  </datafield>
  <datafield tag="215" ind1=" " ind2=" ">
    <subfield code="a">87, \1! c.</subfield>
    <subfield code="d">8ʻ</subfield>
  </datafield>
  <datafield tag="300" ind1=" " ind2=" ">
    <subfield code="a">Segue a c. 76v.: De formando studio Rodolphi Agricolae</subfield>
  </datafield>
  <datafield tag="620" ind1=" " ind2=" ">
    <subfield code="a">IT</subfield>
    <subfield code="d">Roma</subfield>
  </datafield>
  <datafield tag="700" ind1=" " ind2="1">
    <subfield code="a">Zorrilla,</subfield>
    <subfield code="b">Alonso : de</subfield>
    <subfield code="3">IT\ICCU\CNCA\006938</subfield>
  </datafield>
  <datafield tag="702" ind1=" " ind2="1">
    <subfield code="a">Agricola,</subfield>
    <subfield code="b">Rudolf</subfield>
    <subfield code="3">IT\ICCU\CNCA\000214</subfield>
  </datafield>
  <datafield tag="712" ind1="0" ind2="0">
    <subfield code="a">Cartolari, Baldassarre</subfield>
    <subfield code="3">IT\ICCU\CNCT\000423</subfield>
    <subfield code="4">650</subfield>
  </datafield>
  <datafield tag="790" ind1=" " ind2="1">
    <subfield code="a">Zorrilla,</subfield>
    <subfield code="b">Alfonso : de</subfield>
    <subfield code="3">IT\ICCU\CNCA\025605</subfield>
    <subfield code="z">Zorrilla, Alonso : de</subfield>
  </datafield>
  <datafield tag="790" ind1=" " ind2="1">
    <subfield code="a">Zorrilla,</subfield>
    <subfield code="b">Alphonsus</subfield>
    <subfield code="3">IT\ICCU\CNCA\025606</subfield>
    <subfield code="z">Zorrilla, Alonso : de</subfield>
  </datafield>
  <datafield tag="790" ind1=" " ind2="1">
    <subfield code="a">Huusman,</subfield>
    <subfield code="b">Roelof</subfield>
    <subfield code="3">IT\ICCU\CNCA\014480</subfield>
    <subfield code="z">Agricola, Rudolf</subfield>
  </datafield>
  <datafield tag="790" ind1=" " ind2="1">
    <subfield code="a">Huisman,</subfield>
    <subfield code="b">Roelof</subfield>
    <subfield code="3">IT\ICCU\CNCA\014481</subfield>
    <subfield code="z">Agricola, Rudolf</subfield>
  </datafield>
  <datafield tag="790" ind1=" " ind2="1">
    <subfield code="a">Agricola,</subfield>
    <subfield code="b">Rodolphus</subfield>
    <subfield code="3">IT\ICCU\CNCA\026807</subfield>
    <subfield code="z">Agricola, Rudolf</subfield>
  </datafield>
  <datafield tag="790" ind1=" " ind2="1">
    <subfield code="a">Huysman,</subfield>
    <subfield code="b">Roelof</subfield>
    <subfield code="3">IT\ICCU\CNCA\026808</subfield>
    <subfield code="z">Agricola, Rudolf</subfield>
  </datafield>
  <datafield tag="791" ind1="0" ind2="0">
    <subfield code="a">Cartularis, Balthesar de</subfield>
    <subfield code="3">IT\ICCU\CNCT\004476</subfield>
    <subfield code="z">Cartolari, Baldassarre</subfield>
  </datafield>
  <datafield tag="791" ind1="0" ind2="0">
    <subfield code="a">Cartholaio, Baldassarre</subfield>
    <subfield code="3">IT\ICCU\CNCT\004477</subfield>
    <subfield code="z">Cartolari, Baldassarre</subfield>
  </datafield>
  <datafield tag="791" ind1="0" ind2="0">
    <subfield code="a">Cartulario, Baldassarre</subfield>
    <subfield code="3">IT\ICCU\CNCT\004479</subfield>
    <subfield code="z">Cartolari, Baldassarre</subfield>
  </datafield>
  <datafield tag="791" ind1="0" ind2="0">
    <subfield code="a">Cartulari, Baldassarre de</subfield>
    <subfield code="3">IT\ICCU\CNCT\004482</subfield>
    <subfield code="z">Cartolari, Baldassarre</subfield>
  </datafield>
  <datafield tag="791" ind1="0" ind2="0">
    <subfield code="a">Cartolaro, Baldassarre de</subfield>
    <subfield code="3">IT\ICCU\CNCT\004483</subfield>
    <subfield code="z">Cartolari, Baldassarre</subfield>
  </datafield>
  <datafield tag="801" ind1=" " ind2="3">
    <subfield code="a">IT</subfield>
    <subfield code="b">ICCU</subfield>
    <subfield code="c">20201114</subfield>
  </datafield>
  <datafield tag="899" ind1=" " ind2=" ">
    <subfield code="a">Biblioteca Bandiniana. Fiesole</subfield>
    <subfield code="1">FI0015</subfield>
    <subfield code="2">ZFI 38</subfield>
  </datafield>
  <datafield tag="899" ind1=" " ind2=" ">
    <subfield code="a">Biblioteca statale. Lucca</subfield>
    <subfield code="1">LU0022</subfield>
    <subfield code="2">LUA BL</subfield>
  </datafield>
  <datafield tag="899" ind1=" " ind2=" ">
    <subfield code="a">Biblioteca nazionale Braidense. Milano</subfield>
    <subfield code="1">MI0185</subfield>
    <subfield code="2">MIL NB</subfield>
  </datafield>
  <datafield tag="899" ind1=" " ind2=" ">
    <subfield code="a">Biblioteca comunale Giosu ̈Carducci. Citt ̉di Castello</subfield>
    <subfield code="1">PG0032</subfield>
    <subfield code="2">UM1 05</subfield>
  </datafield>
  <datafield tag="899" ind1=" " ind2=" ">
    <subfield code="a">Biblioteca nazionale centrale. Roma</subfield>
    <subfield code="1">RM0267</subfield>
    <subfield code="2">BVE CR</subfield>
  </datafield>
  <datafield tag="899" ind1=" " ind2=" ">
    <subfield code="a">Biblioteca Angelica. Roma</subfield>
    <subfield code="1">RM0290</subfield>
    <subfield code="2">RML 06</subfield>
  </datafield>
</record>
</collection>
